<?xml version="1.0" encoding="UTF-8"?><collection xmlns="http://www.loc.gov/MARC21/slim"><record><leader>00361nam--2200121-i-4500</leader><controlfield tag="001">000005966</controlfield><controlfield tag="002">20161230</controlfield><controlfield tag="005">20161230201026</controlfield><controlfield tag="008">060222s1000------------r-----000-0-eng-d</controlfield><datafield ind1=" " ind2=" " tag="100"><subfield code="a">Berman, W.H., Hydeman, L.M</subfield></datafield><datafield ind1=" " ind2=" " tag="245"><subfield code="a">The atomic energy commission and regulating nu clear facilities</subfield></datafield><datafield ind1=" " ind2=" " tag="260"><subfield code="a">Ann Arbor, Braun-brumfield, Inc., 1961 Xvi + 336 P</subfield></datafield><datafield ind1=" " ind2=" " tag="852"><subfield code="a">17697</subfield></datafield></record></collection>